@article{ayana2022buvitnet,
  title={BUViTNet: Breast Ultrasound Detection via Vision Transformers},
  author={Ayana, Gelan and Choe, Se-woon},
  journal={Diagnostics},
  volume={12},
  number={11},
  pages={2654},
  year={2022},
  publisher={MDPI}
}

@article{mei2018unsupervised,
  title={An unsupervised-learning-based approach for automated defect inspection on textured surfaces},
  author={Mei, Shuang and Yang, Hua and Yin, Zhouping},
  journal={IEEE Transactions on Instrumentation and Measurement},
  volume={67},
  number={6},
  pages={1266--1277},
  year={2018},
  publisher={IEEE}
}

@inproceedings{yacouby2020probabilistic,
  title={Probabilistic extension of precision, recall, and f1 score for more thorough evaluation of classification models},
  author={Yacouby, Reda and Axman, Dustin},
  booktitle={Proceedings of the first workshop on evaluation and comparison of NLP systems},
  pages={79--91},
  year={2020}
}

@article{dosovitskiy2020image,
  title={An image is worth 16x16 words: Transformers for image recognition at scale},
  author={Dosovitskiy, Alexey and Beyer, Lucas and Kolesnikov, Alexander and Weissenborn, Dirk and Zhai, Xiaohua and Unterthiner, Thomas and Dehghani, Mostafa and Minderer, Matthias and Heigold, Georg and Gelly, Sylvain and others},
  journal={arXiv preprint arXiv:2010.11929},
  year={2020}
}

@inproceedings{deng2009imagenet,
  title={Imagenet: A large-scale hierarchical image database},
  author={Deng, Jia and Dong, Wei and Socher, Richard and Li, Li-Jia and Li, Kai and Fei-Fei, Li},
  booktitle={2009 IEEE conference on computer vision and pattern recognition},
  pages={248--255},
  year={2009},
  organization={Ieee}
}

@inproceedings{tan2019efficientnet,
  title={Efficientnet: Rethinking model scaling for convolutional neural networks},
  author={Tan, Mingxing and Le, Quoc},
  booktitle={International conference on machine learning},
  pages={6105--6114},
  year={2019},
  organization={PMLR}
}

@inproceedings{tan2021efficientnetv2,
  title={Efficientnetv2: Smaller models and faster training},
  author={Tan, Mingxing and Le, Quoc},
  booktitle={International conference on machine learning},
  pages={10096--10106},
  year={2021},
  organization={PMLR}
}